@INPROCEEDINGS{SecureStateEstimation,
  author={M. H. {Basiri} and J. G. {Thistle} and J. W. {Simpson-Porco} and S. {Fischmeister}},
  booktitle={2019 American Control Conference (ACC)}, 
  title={Kalman Filter Based Secure State Estimation and Individual Attacked Sensor Detection in Cyber-Physical Systems}, 
  year={2019},
  volume={},
  number={},
  pages={3841-3848},
  doi={10.23919/ACC.2019.8814963}}

@INPROCEEDINGS{CyberPhysicalAttacksOnPowerNetworks,
author={F. {Pasqualetti} and F. {DÃ¶rfler} and F. {Bullo}},
booktitle={2011 50th IEEE Conference on Decision and Control and European Control Conference}, title={Cyber-physical attacks in power networks: Models, fundamental limitations and monitor design},
year={2011},
volume={},
number={},
pages={2195-2201},
doi={10.1109/CDC.2011.6160641}}

@ARTICLE{Imhotep_SMT,
  author={Y. {Shoukry} and P. {Nuzzo} and A. {Puggelli} and A. L. {Sangiovanni-Vincentelli} and S. A. {Seshia} and P. {Tabuada}},
  journal={IEEE Transactions on Automatic Control}, 
  title={Secure State Estimation for Cyber-Physical Systems Under Sensor Attacks: A Satisfiability Modulo Theory Approach}, 
  year={2017},
  volume={62},
  number={10},
  pages={4917-4932},
  doi={10.1109/TAC.2017.2676679}}